@misc{eastlake2001us,
  title={US secure hash algorithm 1 (SHA1)},
  author={Eastlake, Donald and Jones, Paul},
  year={2001},
  publisher={RFC 3174, September}
}

@article{hamming1950error,
  title={Error detecting and error correcting codes},
  author={Hamming, Richard W},
  journal={The Bell system technical journal},
  volume={29},
  number={2},
  pages={147--160},
  year={1950},
  publisher={Nokia Bell Labs}
}

@article{taylor2016open,
  title={Open-ended evolution: perspectives from the OEE workshop in York},
  author={Taylor, Tim and Bedau, Mark and Channon, Alastair and Ackley, David and Banzhaf, Wolfgang and Beslon, Guillaume and Dolson, Emily and Froese, Tom and Hickinbotham, Simon and Ikegami, Takashi and others},
  journal={Artificial life},
  volume={22},
  number={3},
  pages={408--423},
  year={2016},
  publisher={MIT Press}
}

@inproceedings{spector2011tag,
  title={Tag-based modules in genetic programming},
  author={Spector, Lee and Martin, Brian and Harrington, Kyle and Helmuth, Thomas},
  booktitle={Proceedings of the 13th annual conference on Genetic and evolutionary computation},
  pages={1419--1426},
  year={2011},
  organization={ACM}
}

@book{downing2015intelligence,
  title={Intelligence emerging: adaptivity and search in evolving neural systems},
  author={Downing, Keith L},
  year={2015},
  publisher={MIT Press}
}

@incollection{lalejini2019else,
  title={What else is in an evolved name? Exploring evolvable specificity with SignalGP},
  author={Lalejini, Alexander and Ofria, Charles},
  booktitle={Genetic Programming Theory and Practice XVI},
  pages={103--121},
  year={2019},
  publisher={Springer}
}

@article{tarapore2015evolvability,
  title={Evolvability signatures of generative encodings: beyond standard performance benchmarks},
  author={Tarapore, Danesh and Mouret, Jean-Baptiste},
  journal={Information Sciences},
  volume={313},
  pages={43--61},
  year={2015},
  publisher={Elsevier}
}

@inproceedings{spector2012tag,
  title={Tag-based modularity in tree-based genetic programming},
  author={Spector, Lee and Harrington, Kyle and Helmuth, Thomas},
  booktitle={Proceedings of the 14th annual conference on Genetic and evolutionary computation},
  pages={815--822},
  year={2012},
  organization={ACM}
}

@article{kauffman1987towards,
  title={Towards a general theory of adaptive walks on rugged landscapes},
  author={Kauffman, Stuart and Levin, Simon},
  journal={Journal of theoretical Biology},
  volume={128},
  number={1},
  pages={11--45},
  year={1987},
  publisher={Elsevier}
}

@book{holland2012signals,
  title={Signals and boundaries: Building blocks for complex adaptive systems},
  author={Holland, John H},
  year={2012},
  publisher={Mit Press}
}

@article{lones2002biomimetic,
  title={Biomimetic representation with genetic programming enzyme},
  author={Lones, Michael A and Tyrrell, Andy M},
  journal={Genetic Programming and Evolvable Machines},
  volume={3},
  number={2},
  pages={193--217},
  year={2002},
  publisher={Springer}
}

@inproceedings{lalejini2018evolving,
  title={Evolving event-driven programs with SignalGP},
  author={Lalejini, Alexander and Ofria, Charles},
  booktitle={Proceedings of the Genetic and Evolutionary Computation Conference},
  pages={1135--1142},
  year={2018}
}

@misc{charles_ofria_2019_2575607,
  author       = {Charles Ofria and
                  Emily Dolson and
                  Alex Lalejini and
                  Jake Fenton and
                  Matthew Andres Moreno and
                  Steven Jorgensen and
                  Robin Miller and
                  Jason Stredwick and
                  Luis Zaman and
                  Jory Schossau and
                  Lauren Gillespie and
                  Nitash C G and
                  Anya Vostinar},
  title        = {Empirical},
  month        = feb,
  year         = 2019,
  publisher    = {Zenodo},
  doi          = {10.5281/zenodo.2575606},
  url          = {https://doi.org/10.5281/zenodo.2575606}
}
